@article{moore2011learning,
  title={e-Learning, online learning, and distance learning environments: Are they the same?},
  author={Moore, Joi L and Dickson-Deane, Camille and Galyen, Krista},
  journal={The Internet and Higher Education},
  volume={14},
  number={2},
  pages={129--135},
  year={2011},
  publisher={Elsevier}
}


@article{tavukcu2011general,
  title={General overview on distance education concept},
  author={Tavukcu, Tahir and Arapa, Ibrahim and {\"O}zcan, Deniz},
  journal={Procedia-Social and Behavioral Sciences},
  volume={15},
  pages={3999--4004},
  year={2011},
  publisher={Elsevier}
}

@article{wallace2003online,
  title={Online learning in higher education: A review of research on interactions among teachers and students},
  author={Wallace, Raven M},
  journal={Education, Communication \& Information},
  volume={3},
  number={2},
  pages={241--280},
  year={2003},
  publisher={Taylor \& Francis}
}

@article{harasim2000shift,
  title={Shift happens: Online education as a new paradigm in learning},
  author={Harasim, Linda},
  journal={The Internet and higher education},
  volume={3},
  number={1-2},
  pages={41--61},
  year={2000},
  publisher={Elsevier}
}

@article{rose2020medical,
  title={Medical student education in the time of COVID-19},
  author={Rose, Suzanne},
  journal={JAMA},
  year={2020}
}

@article{kerr2006student,
  title={Student characteristics for online learning success},
  author={Kerr, Marcel S and Rynearson, Kimberly and Kerr, Marcus C},
  journal={The Internet and Higher Education},
  volume={9},
  number={2},
  pages={91--105},
  year={2006},
  publisher={Elsevier}
}


@article{markova2017quality,
  title={Quality issues of online distance learning},
  author={Markova, Tatiana and Glazkova, Irina and Zaborova, Elena},
  journal={Procedia-Social and Behavioral Sciences},
  volume={237},
  pages={685--691},
  year={2017},
  publisher={Elsevier}
}

@article{alicino2015assessing,
  title={Assessing Ebola-related web search behaviour: insights and implications from an analytical study of Google Trends-based query volumes},
  author={Alicino, Cristiano and Bragazzi, Nicola Luigi and Faccio, Valeria and Amicizia, Daniela and Panatto, Donatella and Gasparini, Roberto and Icardi, Giancarlo and Orsi, Andrea},
  journal={Infectious diseases of poverty},
  volume={4},
  number={1},
  pages={54},
  year={2015},
  publisher={BioMed Central}
}


@article{vaughan2014web,
  title={Web search volume as a predictor of academic fame: An exploration of Google trends},
  author={Vaughan, Liwen and Romero-Frias, Esteban},
  journal={Journal of the Association for Information Science and Technology},
  volume={65},
  number={4},
  pages={707--720},
  year={2014},
  publisher={Wiley Online Library}
}

@article{carneiro2009google,
  title={Google trends: a web-based tool for real-time surveillance of disease outbreaks},
  author={Carneiro, Herman Anthony and Mylonakis, Eleftherios},
  journal={Clinical infectious diseases},
  volume={49},
  number={10},
  pages={1557--1564},
  year={2009},
  publisher={The University of Chicago Press}
}

@article{cook2011assessing,
  title={Assessing Google flu trends performance in the United States during the 2009 influenza virus A (H1N1) pandemic},
  author={Cook, Samantha and Conrad, Corrie and Fowlkes, Ashley L and Mohebbi, Matthew H},
  journal={PloS one},
  volume={6},
  number={8},
  year={2011},
  publisher={Public Library of Science}
}


@article{jarynowski2020perception,
  title={Perception of emergent epidemic of COVID-2019/SARS CoV-2 on the Polish Internet},
  author={Jarynowski, Andrzej and Wojta-Kempa, Monika and Belik, Vitaly},
  journal={Available at SSRN 3572662},
  year={2020}
}

@article{world2020timeline,
  title="WHO Timeline-COVID-19",
  author= "{World Health Organization}" ,
  journal="Last updated April",
  volume={12},
  year={2020}
}

@misc{wikixxx,
    author = "{Wikipedia contributors}",
    title = "COVID-19 pandemic --- {Wikipedia}{,} The Free Encyclopedia",
    year = "2020",
    url = "https://en.wikipedia.org/w/index.php?title=COVID-19_pandemic&oldid=956438790",
    note = "[Online; accessed 13-May-2020]"
  }
  
@misc{wikiSL,
    author = "{Wikipedia contributors}",
    title = "COVID-19 pandemic in Sri Lanka --- {Wikipedia}{,} The Free Encyclopedia",
    year = "2020",
    url = "https://en.wikipedia.org/wiki/COVID-19_pandemic_in_Sri_Lanka#cite_note-4",
    note = "[Online; accessed 13-May-2020]"
  }
  
@misc{wikieducation,
    author = "{Wikipedia contributors}",
    title = "Impact of the COVID-19 pandemic on education --- {Wikipedia}{,} The Free Encyclopedia",
    year = "2020",
    url = "https://en.wikipedia.org/wiki/Impact_of_the_COVID-19_pandemic_on_education",
    note = "[Online; accessed 09-February-2020]"
  }
  
  
@article{unesco2020covid,
  title={COVID-19 educational disruption and response},
  author={UNESCO},
  url = {https://en.unesco.org/covid19/educationresponse},
  year={2020},
   note = "[Online; accessed 13-May-2020]"
}

@article{unescoadverse2020,
  title={Adverse consequences of school closures},
  author={UNESCO},
  url = {https://en.unesco.org/covid19/educationresponse/consequences},
  year={2020},
   note = "[Online; accessed 13-May-2020]"
}

  
@article{unesco2020DLsolutions,
  title={Distance learning solutions},
  author={UNESCO},
  url = {https://en.unesco.org/covid19/educationresponse/solutions},
  year={2020},
   note = "[Online; accessed 13-May-2020]"
}


@misc{HealthSL2020,
    author = "Epidemiology Unit, Ministry of Health \& Indigenous Medical Services, Sri Lanka",
    title = "Coronavirus disease 2019 (COVID-19) - Situation Report" ,
    year = "2021",
    url = "https://www.epid.gov.lk/web/images/pdf/corona_virus_report/sitrep-sl-en-02-02_10_21.pdf",
    note = "[Online; accessed 02-February-2021]"
  }
  

  
@article{dong2020interactive,
  title={An interactive web-based dashboard to track COVID-19 in real time},
  author={Dong, Ensheng and Du, Hongru and Gardner, Lauren},
  journal={The Lancet infectious diseases},
  year={2020},
  publisher={Elsevier}
}

@article{chang2020modelling,
  title={Modelling transmission and control of the COVID-19 pandemic in Australia},
  author={Chang, Sheryl L and Harding, Nathan and Zachreson, Cameron and Cliff, Oliver M and Prokopenko, Mikhail},
  journal={arXiv preprint arXiv:2003.10218},
  year={2020}
}


@article{daniel2020education,
  title={Education and the COVID-19 pandemic},
  author={Daniel, Sir John},
  journal={Prospects},
  pages={1--6},
  year={2020},
  publisher={Springer}
}

@article{eder2020remoteness,
  title={The Remoteness of Remote Learning},
  author={Eder, Rosalyn},
  journal={Journal of Interdisciplinary Studies in Education},
  volume={9},
  number={1},
  year={2020}
}


@article{drane2020impact,
  title={The impact of ‘learning at home’on the educational outcomes of vulnerable children in Australia during the COVID-19 pandemic},
  author={Drane, Catherine and Vernon, Lynette and O’Shea, Sarah},
  year={2020}
}


@article{mustafaimpact,
  title={IMPACT OF THE 2019--20 CORONAVIRUS PANDEMIC ON EDUCATION},
  author={Mustafa, Nas{\i}r}
}

@inproceedings{zhao2020education,
  title={An Education Literature Review on Digitization, Digitalization, Datafication, and Digital Transformation},
  author={Zhao, Man and Liao, Han-Teng and Sun, Si-Pan},
  booktitle={6th International Conference on Humanities and Social Science Research (ICHSSR 2020)},
  pages={302--306},
  year={2020},
  organization={Atlantis Press}
}


@book{spector2014handbook,
  title={Handbook of research on educational communications and technology},
  author={Spector, J Michael and Merrill, M David and Elen, Jan and Bishop, Martin J},
  year={2014},
  publisher={Springer}
}


@article{willis2020using,
  title={Using ‘Big Data’to understand the impacts of Uber on taxis in New York City},
  author={Willis, George and Tranos, Emmanouil},
  journal={Travel Behaviour and Society},
  volume={22},
  pages={94--107},
  year={2020},
  publisher={Elsevier}
}

@article{zhang2018cross,
  title={The cross-correlations between online sentiment proxies: Evidence from Google Trends and Twitter},
  author={Zhang, Zuochao and Zhang, Yongjie and Shen, Dehua and Zhang, Wei},
  journal={Physica A: Statistical Mechanics and Its Applications},
  volume={508},
  pages={67--75},
  year={2018},
  publisher={Elsevier}
}

@article{ahn2006utilizing,
  title={Utilizing popularity characteristics for product recommendation},
  author={Ahn, Hyung Jun},
  journal={International Journal of Electronic Commerce},
  volume={11},
  number={2},
  pages={59--80},
  year={2006},
  publisher={Taylor \& Francis}
}

@article{nuti2014use,
  title={The use of google trends in health care research: a systematic review},
  author={Nuti, Sudhakar V and Wayda, Brian and Ranasinghe, Isuru and Wang, Sisi and Dreyer, Rachel P and Chen, Serene I and Murugiah, Karthik},
  journal={PloS one},
  volume={9},
  number={10},
  pages={e109583},
  year={2014},
  publisher={Public Library of Science San Francisco, USA}
}

@article{kam2019monitoring,
  title={Monitoring of drought awareness from google trends: a case study of the 2011--17 California drought},
  author={Kam, Jonghun and Stowers, Kimberly and Kim, Sungyoon},
  journal={Weather, Climate, and Society},
  volume={11},
  number={2},
  pages={419--429},
  year={2019}
}

@article{chumnumpan2019understanding,
  title={Understanding new products’ market performance using Google Trends},
  author={Chumnumpan, Pattarin and Shi, Xiaohui},
  journal={Australasian Marketing Journal (AMJ)},
  volume={27},
  number={2},
  pages={91--103},
  year={2019},
  publisher={Elsevier}
}

@article{arora2019google,
  title={Google Trends: Opportunities and limitations in health and health policy research},
  author={Arora, Vishal S and McKee, Martin and Stuckler, David},
  journal={Health Policy},
  volume={123},
  number={3},
  pages={338--341},
  year={2019},
  publisher={Elsevier}
}

@article{husnayain2020applications,
  title={Applications of Google Search Trends for risk communication in infectious disease management: A case study of the COVID-19 outbreak in Taiwan},
  author={Husnayain, Atina and Fuad, Anis and Su, Emily Chia-Yu},
  journal={International Journal of Infectious Diseases},
  volume={95},
  pages={221--223},
  year={2020},
  publisher={Elsevier}
}

@article{effenberger2020association,
  title={Association of the COVID-19 pandemic with internet search volumes: a Google TrendsTM analysis},
  author={Effenberger, Maria and Kronbichler, Andreas and Shin, Jae Il and Mayer, Gert and Tilg, Herbert and Perco, Paul},
  journal={International Journal of Infectious Diseases},
  volume={95},
  pages={192--197},
  year={2020},
  publisher={Elsevier}
}

@article{kansal2021google,
  title={Google Trend Analysis and Paradigm Shift of Online Education Platforms during the COVID-19 Pandemic},
  author={Kansal, Ashwani Kumar and Gautam, Jyoti and Chintalapudi, Nalini and Jain, Shivani and Battineni, Gopi},
  journal={Infectious Disease Reports},
  volume={13},
  number={2},
  pages={418--428},
  year={2021},
  publisher={Multidisciplinary Digital Publishing Institute}
}
